@article{fama1993,
  author  = {Fama, Eugene F. and French, Kenneth R.},
  title   = {Common Risk Factors in the Returns on Stocks and Bonds},
  journal = {Journal of Financial Economics},
  year    = {1993},
  volume  = {33},
  number  = {1},
  pages   = {3--56}
}

@article{fama2015,
  author  = {Fama, Eugene F. and French, Kenneth R.},
  title   = {A Five-Factor Asset Pricing Model},
  journal = {Journal of Financial Economics},
  year    = {2015},
  volume  = {116},
  number  = {1},
  pages   = {1--22}
}

@book{cochrane2005,
  author    = {Cochrane, John H.},
  title     = {Asset Pricing},
  edition   = {Revised},
  publisher = {Princeton University Press},
  year      = {2005},
  address   = {Princeton, NJ}
}

@book{ang2014,
  author    = {Ang, Andrew},
  title     = {Asset Management: A Systematic Approach to Factor Investing},
  publisher = {Oxford University Press},
  year      = {2014},
  address   = {Oxford, UK}
}

@book{grinblatt2002,
  author    = {Grinblatt, Mark and Titman, Sheridan},
  title     = {Financial Markets and Corporate Strategy},
  edition   = {2nd},
  publisher = {McGraw-Hill},
  year      = {2002},
  address   = {New York, NY}
}

@article{Eugfama1970,
  author  = {Fama, Eugene F.},
  title   = {Efficient Capital Markets: A Review of Theory and Empirical Work},
  journal = {Journal of Finance},
  year    = {1970},
  volume  = {25},
  number  = {2},
  pages   = {383--417}
}

@article{Jensen1968,
  author  = {Jensen, Michael C.},
  title   = {The Performance of Mutual Funds in the Period 1945--1964},
  journal = {Journal of Finance},
  year    = {1968},
  volume  = {23},
  number  = {2},
  pages   = {389--416}
}

@article{Famafr93,
  author  = {Fama, Eugene F. and French, Kenneth R.},
  title   = {Common Risk Factors in the Returns on Stocks and Bonds},
  journal = {Journal of Financial Economics},
  year    = {1993},
  volume  = {33},
  number  = {1},
  pages   = {3--56}
}

@book{lapponi2007projetos,
  title={Projetos de investimento na empresa},
  author={Lapponi, J.C.},
  isbn={9788535224344},
  url={https://books.google.com.br/books?id=kjKQPgAACAAJ},
  year={2007},
  publisher={Elsevier}
}

@book{CasarottoFilho2002,
  author    = {Casarotto Filho, Nelson},
  title     = {Projeto de Negócio: Estratégias e Estudos de Viabilidade},
  publisher = {Atlas},
  address   = {São Paulo},
  year      = {2002}
}

@book{Holanda1986,
  author    = {Holanda, Nívio},
  title     = {Planejamento e Projetos},
  publisher = {APEC},
  address   = {São Paulo},
  year      = {1986}
}

@book{WoilerMathias2008,
  author    = {Woiler, S. and Mathias, W.~F.},
  title     = {Projetos: Planejamento, Elaboração e Análise},
  edition   = {2},
  publisher = {Atlas},
  address   = {São Paulo},
  year      = {2008}
}

@book{Caloba2002,
  author    = {Caloba, Geraldo},
  title     = {Análise de Investimentos: Tomada de Decisão em Projetos Industriais},
  publisher = {Atlas},
  address   = {São Paulo},
  year      = {2002}
}

@book{Helfert2000,
  author    = {Helfert, Erich~A.},
  title     = {Técnicas de Análise Financeira},
  publisher = {Bookman},
  address   = {Porto Alegre},
  year      = {2000}
}

@book{Kotler2012,
  author    = {Kotler, Philip},
  title     = {Administração de Marketing},
  publisher = {Atlas},
  address   = {São Paulo},
  year      = {2012}
}

@book{RossEtAl2015,
  author    = {Ross, Stephen~A. and others},
  title     = {Administração Financeira: Versão Brasileira de \textit{Corporate Finance}},
  edition   = {10},
  publisher = {AMGH},
  address   = {Porto Alegre},
  year      = {2015},
  note      = {Tradução de Evelyn Tesche \textit{et al.}}
}

@book{Santos2012,
  author    = {Santos, José Joaquim~dos},
  title     = {Fundamentos de Custos para Formação do Preço e do Lucro},
  edition   = {5, revista, ampliada e modificada},
  publisher = {Atlas},
  address   = {São Paulo},
  year      = {2012}
}


