@book{angrist,
  author = {Angrist, J. and Pischke, J. S.},
  title  = {Mostly Harmless Econometrics: An Empiricist's Companion},
  year   = {2008},
  month  = mar
}

@book{sartoris,
  author   = {Sartoris, A.},
  title    = {Estat{\'\i}stica e Introdu{\c c}\~{a}o \`{a} Econometria},
  edition  = {4},
  address  = {S\~{a}o Paulo},
  year     = {2013}
}

@book{hoffmann,
  author   = {Hoffmann, R.},
  title    = {Estat{\'\i}stica para economistas},
  edition  = {4},
  address  = {S\~{a}o Paulo},
  year     = {2006}
}

@book{granger,
  author   = {Grange, C. W. J.},
  title    = {Empirical modeling in economics},
  address  = {Reino Unido},
  publisher= {Cambridge University Press},
  year     = {1999},
  note     = {p. 58}
}

@book{gujarati,
  author   = {Gujarati, D. N. and Porter, D. N.},
  title    = {Econometria B{\'a}sica},
  edition  = {5},
  address  = {S\~{a}o Paulo},
  year     = {2011}
}
