@book{WoilerMathias1996,
  author    = {Sergio Woiler and Walter F. Mathias},
  title     = {Projetos: Planejamento, Elabora{\c c}{\~a}o e An{\'a}lise},
  publisher = {Atlas},
  address   = {S{\~a}o Paulo},
  year      = {1996}
}

@book{CasarottoKopittke2010,
  author    = {N. Casarotto Filho and B. H. Kopittke},
  title     = {An{\'a}lise de Investimentos},
  edition   = {10},
  publisher = {Atlas},
  address   = {S{\~a}o Paulo},
  year      = {2010}
}

@book{BrealeyMyersAllen2019,
  author    = {Richard A. Brealey and Stewart C. Myers and Franklin Allen},
  title     = {Principles of Corporate Finance},
  edition   = {13},
  publisher = {McGraw{-}Hill},
  address   = {New York},
  year      = {2019}
}

@book{RossWesterfieldJaffe2022,
  author    = {Stephen A. Ross and Randolph W. Westerfield and Jeffrey Jaffe and Bradford D. Jordan},
  title     = {Corporate Finance},
  edition   = {13},
  publisher = {McGraw{-}Hill},
  address   = {New York},
  year      = {2022}
}

@book{Damodaran2012,
  author    = {Aswath Damodaran},
  title     = {Investment Valuation: Tools and Techniques for Determining the Value of Any Asset},
  edition   = {3},
  publisher = {Wiley},
  address   = {Hoboken},
  year      = {2012}
}

@book{CopelandKollerMurrin2010,
  author    = {Tom Copeland and Tim Koller and Jack Murrin},
  title     = {Valuation: Measuring and Managing the Value of Companies},
  edition   = {5},
  publisher = {Wiley},
  address   = {Hoboken},
  year      = {2010}
}

@book{Boardman2018,
  author    = {Anthony E. Boardman and David H. Greenberg and Aidan R. Vining and David L. Weimer},
  title     = {Cost{-}Benefit Analysis: Concepts and Practice},
  edition   = {5},
  publisher = {Cambridge University Press},
  address   = {Cambridge},
  year      = {2018}
}

@book{AssafNeto2016,
  author    = {Alexandre Assaf Neto},
  title     = {Finan{\c c}as Corporativas e Valor},
  edition   = {7},
  publisher = {Atlas},
  address   = {S{\~a}o Paulo},
  year      = {2016}
}

@book{Graham2006,
  author    = {Benjamin Graham},
  title     = {The Intelligent Investor},
  edition   = {Revised},
  publisher = {HarperBusiness},
  address   = {New York},
  year      = {2006}
}

@misc{Buffett1996,
  author       = {Warren Buffett},
  title        = {Berkshire Hathaway Shareholder Letters (quote on risk)},
  howpublished = {\url{https://www.berkshirehathaway.com/letters/letters.html}},
  year         = {1996},
  note         = {Acesso em 2025-08-08}
}

@book{Flyvbjerg2014,
  author    = {Bent Flyvbjerg},
  title     = {Megaprojects and Risk: An Anatomy of Ambition},
  publisher = {Oxford University Press},
  address   = {Oxford},
  year      = {2014}
}

@book{Knight1921,
  author    = {Frank H. Knight},
  title     = {Risk, Uncertainty and Profit},
  publisher = {Houghton Mifflin},
  address   = {Boston},
  year      = {1921}
}

@book{Kahneman2011,
  author    = {Daniel Kahneman},
  title     = {Thinking, Fast and Slow},
  publisher = {Farrar, Straus and Giroux},
  address   = {New York},
  year      = {2011}
}

@book{Deming1986,
  author    = {W. Edwards Deming},
  title     = {Out of the Crisis},
  publisher = {MIT Press},
  address   = {Cambridge},
  year      = {1986}
}

@book{Lapponi2007,
  author    = {Juan Carlos Lapponi},
  title     = {Projetos de investimento na empresa},
  publisher = {Campus/Elsevier},
  address   = {Rio de Janeiro},
  year      = {2007},
  isbn      = {978-8535224344}
}
